
@misc{intersex,
	title = {Intersex: What Is Intersex, Gender Identity, Intersex Surgery},
	url = {https://my.clevelandclinic.org/health/articles/16324-intersex},
	langid = {en}
}

@misc{assigned,
	title = {Assigned Sex at Birth},
	url = {https://www.bmc.org/glossary-culture-transformation/assigned-sex-birth},
	langid = {en}
}
